<?xml version="1.0" encoding="UTF-8"?><collection xmlns="http://www.loc.gov/MARC21/slim"><record><leader>00502nam--2200181-i-4500</leader><controlfield tag="001">000010276</controlfield><controlfield tag="002">20161230</controlfield><controlfield tag="005">20170115225714</controlfield><controlfield tag="008">060222s1000------------r-----000-0-eng-d</controlfield><datafield ind1=" " ind2=" " tag="080"><subfield code="a">530:539.12.172</subfield></datafield><datafield ind1=" " ind2=" " tag="100"><subfield code="a">Abarbanel, Henry D. I</subfield></datafield><datafield ind1=" " ind2=" " tag="245"><subfield code="a">Analytic structure of multiparticle amplitudes in complex helicity</subfield></datafield><datafield ind1=" " ind2=" " tag="260"><subfield code="a">/F.Loc.</subfield><subfield code="b">Universities Research Ass.Inc</subfield><subfield code="c">1972</subfield></datafield><datafield ind1=" " ind2=" " tag="300"><subfield code="a">37 p.+ 6 fig</subfield></datafield><datafield ind1=" " ind2=" " tag="490"><subfield code="a">60</subfield></datafield><datafield ind1=" " ind2=" " tag="700"><subfield code="a">Schwimmer, Adam</subfield></datafield><datafield ind1=" " ind2=" " tag="852"><subfield code="a">12709</subfield></datafield><datafield ind1=" " ind2=" " tag="CAT"><subfield code="a">SYS</subfield><subfield code="c">20170115</subfield><subfield code="h">225714</subfield></datafield></record></collection>